@article{knuth1989mathematical,
  title={Mathematical writing},
  author={Knuth, Donald Ervin and Larrabee, Tracy and Roberts, Paul M},
  year={1998},
}